@book{liu-book,
	title={Algebraic Geometry and Arithmetic Curves},
	author={Qing Liu},
	series={Oxford Graduate Texts in Mathematics},
	year={2010},
	publisher={Oxford University Press},
	isbn={978-0-19-920249-2}
}

@book{silverman-book,
	title={The Arithmetic of Elliptic Curves},
	author={Joseph H. Silverman},
	series={Graduate Texts in Mathematics},
	edition={2nd edition},
	year={2009},
	publisher={Springer},
	isbn={978-0-387-09493-9}
}

@book{cisinski-book,
	title={Higher Categories and Homotopical Algebra},
	author={Denis-Charles Cisinski},
	series={Cambridge studies in advanced mathematics},
	year={2019},
	publisher={Cambridge University Press},
	isbn={978-1-108-47320-0}
}

@book{silverman-advanced-book,
	title={Advanced Topics in the Arithmetic of Elliptic Curves},
	author={Joseph H. Silverman},
	series={Graduate Texts in Mathematics},
	edition={2nd printing},
	year={1994},
	publisher={Springer},
	isbn={978-0-387-94328-2}
}

@book{hartshorne-book,
	title={Algebraic Geometry},
	author={Robin Hartshorne},
	series={Graduate Texts in Mathematics},
	year={1977},
	publisher={Springer},
	isbn={978-0-387-90244-9}
}

@book{neukirch-book,
	title={Algebraic Number Theory},
	author={Jürgen Neukirch},
	series={Grundlehren der mathematischen Wissenschaften},
	year={1999},
	publisher={Springer},
	isbn={978-3-540-65399-8}
}

@book{cassels-book,
	title={Local Fields},
	author={John W.S. Cassels},
	series={London Mathematical Society Student Texts},
	year={1986},
	publisher={Cambridge University Press},
	isbn={0-521-31525-5}
}

@book{weibel-book,
	title={An Introduction to Homological Algebra},
	author={Charles A. Weibel},
	series={Cambridge studies in advanced mathematics},
	year={1995},
	publisher={Cambridge University Press},
	isbn={978-0-521-55987-4}
}

@book{maclane-homology,
	title={Homology},
	author={Saunders Mac Lane},
	series={Classics in Mathematics},
	year={1975 (Reprint 1995)},
	publisher={Springer},
	isbn={978-3-540-58662-3},
	shorthand={MLan95}
}

@book{maclane-moerdijk-sheaves-in-geometry-and-logic,
	title={Sheaves in Geometry and Logic},
	author={Saunders Mac Lane and Ieke Moerdijk},
	series={Universitext},
	year={1992},
	publisher={Springer},
	isbn={978-0-387-97710-2},
	doi={10.1007/978-1-4612-0927-0},
	shorthand={MM92}
}

@book{kashiwara-schapira-book,
	title={Categories and Sheaves},
	author={Masaki Kashiwara and Pierre Schapira},
	series={A Series of Comprehensive Studies in Mathematics},
	year={2006},
	publisher={Springer},
	isbn={978-3-642-06620-7}
}

@book{kashiwara-schapira-book-2,
	title={Sheaves on Manifolds},
	author={Masaki Kashiwara and Pierre Schapira},
	series={A Series of Comprehensive Studies in Mathematics},
	year={1994},
	publisher={Springer},
	isbn={978-3-642-08082-1}
}

@book{neeman-triangulated-categories,
	title={Triangulated Categories},
	author={Amnon Neeman},
	series={Annals of Mathematics Studies},
	publisher={Princeton University Press},
	isbn={978-0-691-08686-6},
	year={2001}
}

@book{krause-homological-theory-of-representations,
	title={Homological Theory of Representations},
	author={Henning Krause},
	series={Cambridge Studies in Advanced Mathematics},
	publisher={Cambridge University Press},
	year={2022},
	isbn={978-1-108-83889-4}
}

@book{gelfand-manin-methods-of-hom-alg,
	title={Methods of Homological Algebra},
	author={Sergei I. Gelfand and Yuri I. Manin},
	series={Springer Monographs in Mathematics},
	publisher={Springer},
	year={2003},
	edition={2nd edition},
	isbn={978-3-540-43583-9}
}

@book{riehl-category-theory-in-context,
	title={Category Theory in Context},
	author={Emily Riehl},
	series={Aurora: {Dover} Modern Math Originals},
	publisher={Dover Publications},
	year={2017},
	isbn={978-0-486-82080-4}
}

@book{riehl-categorical-homotopy-theory,
	title={Categorical Homotopy Theory},
	author={Emily Riehl},
	series={New Mathematical Monographs},
	publisher={Cambridge University Press},
	year={2014},
	doi={10.1017/CBO9781107261457}
}

@book{riehl-verity-elements,
	title={Elements of \(\infty\)-Category Theory},
	author={Emily Riehl and Dominic Verity},
	series={Cambridge studies in advanced mathematics},
	publisher={Cambridge University Press},
	year={2022},
	doi={10.1017/9781108936880},
	isbn={978-1-108-83798-9}
}

@book{may-ponto-more-concise-algebraic-topology,
	title={More Concise Algebraic Topology: Localization, Completion, and Model Categories},
	author={May, Jon Peter and Ponto, Kate},
	publisher={University of Chicago Press},
	series={Chicago Lectures in Mathematics},
	year={2012}
}

@book{makkai-pare-accessible-categories,
	title={Accessible Categories: The Foundations of Categorical Model Theory},
	author={Michael Makkai and Robert Paré},
	year={1989},
	publisher={American Mathematical Society},
	series={Contemporary Mathematics},
	volume={104},
	isbn={978-0-8218-7692-3}
}

@online{stacks-project,
  author       = {The {Stacks Project authors}},
  title        = {The Stacks Project},
  url = {https://stacks.math.columbia.edu},
  year         = {2021},
  shorthand    = {Stacks}
}

@online{ravi-vakil,
	author = {Ravi Vakil},
	title = {Foundations of Algebraic Geometry},
	url = {http://math.stanford.edu/~vakil/216blog/FOAGnov1817public},
	year = {2017}
}

@online{murfet-triangulated-categories,
	author = {Daniel Murfet},
	title = {Triangulated Categories Part I},
	url = {http://therisingsea.org/notes/TriangulatedCategories.pdf},
	year = {2007}
}

@online{pete-clark,
	author = {Pete L. Clark},
	title = {Supplementary Lecture Notes on Elliptic Curves},
	url = {http://alpha.math.uga.edu/~pete/8430Elliptic_Curves.pdf},
	year = {2012}
}

@article{doi:10.1007/BF01425420,
  author = {Neukirch, Jürgen},
  doi = {10.1007/BF01425420},
  journal = {Invent. Math.},
  number = {4},
  pages = {296--314},
  publisher = {Springer},
  title = {Kennzeichnung der p-adischen und der endlichen algebraischen Zahlkörper},
  volume = {6},
  year = {1969}
}

@article{doi:10.2969/jmsj/02840617,
  author = {Uchida, Koji},
  doi = {10.2969/jmsj/02840617},
  journal = {J. Math. Soc. Japan},
  number = {4},
  publisher = {Mathematical Society of Japan},
  title = {Isomorphisms of Galois groups},
  volume = {28},
  year = {1976}
}

@article{doi:10.24033/bsmf.1583,
  author = {Gabriel, Pierre},
  doi = {10.24033/bsmf.1583},
  journal = {Bulletin de la Société Mathématique de France},
  pages = {323--448},
  publisher = {Societe Mathematique de France},
  title = {Des catégories abéliennes},
  volume = {79},
  year = {1962}
}

@article{doi:10.1023/A:1002470302976,
  author = {Bondal, Alexei and Orlov, Dmitri},
  doi = {10.1023/A:1002470302976},
  journal = {Compos. Math.},
  number = {3},
  pages = {327--344},
  publisher = {Wiley},
  title = {Reconstruction of a variety from the derived category and groups of autoequivalences},
  volume = {125},
  year = {2001}
}

@article{doi:10.1023/A:1017932514274,
  author = {Thomason, R. W.},
  doi = {10.1023/A:1017932514274},
  journal = {Compos. Math.},
  number = {1},
  pages = {01--27},
  publisher = {Wiley},
  title = {The classification of triangulated subcategories},
  volume = {105},
  year = {1997}
}

@article{doi:10.1515/crll.2005.2005.588.149,
  author = {Balmer, Paul},
  doi = {10.1515/crll.2005.2005.588.149},
  journal = {J. Reine. Angew. Math.},
  number = {588},
  pages = {149--168},
  publisher = {Walter de Gruyter GmbH},
  title = {The spectrum of prime ideals in tensor triangulated categories},
  volume = {2005},
  year = {2005}
}

@article{doi:10.1017/S002776300001922X,
  author = {Mukai, Shigeru},
  doi = {10.1017/S002776300001922X},
  journal = {Nagoya Math. J.},
  pages = {153--175},
  publisher = {Cambridge University Press},
  title = {Duality between $D(X)$ and $D(\hat{X})$ with its application to picard sheaves},
  volume = {81},
  year = {1981}
}

@article{NB92,
  author = {Neeman, Amnon and Bökstedt, Marcel},
  doi = {10.1016/0040-9383(92)90047-L},
  journal = {Topology},
  number = {3},
  pages = {519--532},
  publisher = {Elsevier BV},
  title = {The chromatic tower for $D(R)$},
  volume = {31},
  year = {1992}
}

@article{arxiv:0905.2063,
  author = {Alonso Tarrío, Leovigildo and Jeremías López, Ana and Pérez Rodríguez, Marta and Vale Gonsalves, María J.},
  doi = {10.1007/s10485-009-9204-5},
  journal = {Applied Categorical Structures},
  number = {6},
  pages = {865--877},
  publisher = {Springer},
  title = {On the existence of a compact generator on the derived category of a Noetherian formal scheme},
  volume = {19},
  year = {2009}
}

@article{doi:10.4310/HHA.2007.v9.n1.a2,
  author = {Buan, Aslak Bakke and Krause, Henning and Solberg, Øyvind},
  doi = {10.4310/HHA.2007.v9.n1.a2},
  journal = {Homology Homotopy Appl.},
  number = {1},
  pages = {45--74},
  publisher = {International Press of Boston},
  title = {Support varieties: an ideal approach},
  volume = {9},
  year = {2007}
}

@article{doi:10.2140/agt.2010.10.1521,
  author = {Balmer, Paul},
  doi = {10.2140/agt.2010.10.1521},
  journal = {Algebraic \& Geometric Topology},
  number = {3},
  pages = {1521--1563},
  publisher = {Mathematical Sciences Publishers},
  title = {Spectra, spectra, spectra – Tensor triangular spectra versus Zariski spectra of endomorphism rings},
  volume = {10},
  year = {2010}
}

@inbook{doi:10.1201/9781351251624-4,
  author = {Balmer, Paul},
  booktitle = {Handbook of Homotopy Theory},
  doi = {10.1201/9781351251624-4},
  pages = {145--162},
  publisher = {Chapman and Hall/CRC},
  title = {A guide to tensor-triangular classification},
  year = {2020}
}

@article{michael-berg-etotc-and-a-cots,
	title={Linked Exact Triples of Triangulated Categories and a Calculus of t-Structures},
	author={Michael Berg},
	journal={International Journal of Pure and Applied Mathematics},
	year={2006},
	pages={117--138},
	volume={32},
	number={01}
}

@article{yoneda-on-ext-and-exact-sequences,
	author = {Nobuo Yoneda},
	title = {On Ext and exact sequences},
	journal = {J. Fac. Sci. Univ. Tokyo},
	volume  = {8},
	year = {1960},
	pages = {507--576}
}

@article{yoneda-on-the-homology-theory-of-modules,
	author={Nobuo Yoneda},
	title={On the homology theory of modules},
	journal = {J. Fac. Sci. Univ. Tokyo},
	volume={7},
	year={1954},
	pages={193--227}
}

@article{CM_1996__102_2_203_0,
     author = {Amnon Neeman and Vladimir Retakh},
     title = {Extension categories and their homotopy},
     journal = {Compositio Mathematica},
     pages = {203--242},
     publisher = {Kluwer Academic Publishers},
     volume = {102},
     number = {2},
     year = {1996},
     zbl = {0852.18011},
}

@article{hilbert-invariantsystems,
	author = {David Hilbert},
	title = {Über die vollen Invariantensysteme},
	year = {1893},
	journal = {Mathematische Annalen},
	volume = {42},
	number = {10},
	pages = {313--373},
	DOI = {10.1007/BF01444162}
}

@article{hilbert-algebraictheory,
	author = {David Hilbert},
	title = {Über die Theorie der algebraischen Formen},
	year = {1890},
	journal = {Mathematische Annalen},
	volume = {36},
	number = {4},
	pages = {473--534},
	DOI = {10.1007/BF01208503}
}

@article{mordell-ellipticcurve,
	author = {Louis J. Mordell},
	title = {On the rational solutions of the indeterminate equations of the 3rd and 4th degress},
	year = {1922},
	journal = {Mathematical Proceedings of the Cambridge Philosophical Society},
	volume = {22},
	pages = {179--192}
}

@article{EGA,
	author = {Alexander Grothendieck and Jean Dieudonné},
	title = {Éléments de géométrie algébrique},
	year = {1960--1967},
	journal = {Publications Mathématiques de l'IHÉS}
}

@book{doi:10.1093/acprof:oso/9780199296866.001.0001,
  author = {Huybrechts, Daniel},
  doi = {10.1093/acprof:oso/9780199296866.001.0001},
  publisher = {Oxford University Press},
  title = {Fourier-Mukai Transforms in Algebraic Geometry},
  year = {2006}
}

@book{SGA4,
    author = "Michael Artin and Alexander Grothendieck and Jean-Louis Verdier",
    title = "Théorie de topos et cohomologie étale des schémas {I}, {II}, {III}",
    publisher = "Springer",
    year = "1971",
    series = "Lecture Notes in Mathematics",
    volume = "269, 270, 305",
    shorthand={SGA4}
}

@book{lurie-htt,
	author={Jacob Lurie},
	title={Higher Topos Theory},
	publisher={Princeton University Press},
	series={Annals of Mathematics Studies},
	volume={170},
	year={2009},
}

@book{lurie-ha,
	author={Jacob Lurie},
	title={Higher Algebra},
	publisher={Unpublished},
	year={2017},
	note={Available at \url{https://www.math.ias.edu/~lurie/papers/HA.pdf}}
}

@book{lurie-sag,
	author={Jacob Lurie},
	title={Spectral Algebraic Geometry},
	publisher={Unpublished},
	year={2018},
	note={Available at \url{https://www.math.ias.edu/~lurie/papers/SAG-rootfile.pdf}}
}

@book{land-infinity-cats,
	author="Markus Land",
	title={Introduction to Infinity-Categories},
	publisher={Springer},
	date={2021},
	series={Compact Textbooks in Mathematics},
	doi={10.1007/978-3-030-61524-6}
}

@book{horn-johnson-matrix-analysis-2nd-edition,
	author={Roger A. Horn and Charles R. Johnson},
	title={Matrix Analysis},
	publisher={Cambridge University Press},
	date={2012},
	edition={2nd edition},
	isbn={9780521548236}
}

@article{reinhold-baer-ext,
	author={Reinhold Baer},
	year={1934},
	title={Erweiterung von Gruppen und ihren Isomorphismen},
	journal={Mathematische Zeitschrift},
	volume={38},
	number={1},
	pages={375--416},
	doi={10.1007/BF01170643}
}

@article{cech-1932,
	author={Eduard Čech},
	year={1932},
	title={Théorie générale de l’homologie dans un espace quelconque},
	journal={Fundamenta Mathematicae},
	volume={19},
	pages={149--183}
}

@book{cartan-eilenberg-homological-algebra,
	author={Henri Cartan and Samuel Eilenberg},
	year={1956},
	title={Homological Algebra},
	publisher={Princeton University Press},
	isbn={0-691-04991-2}
}

@article{eilenberg-maclane-grp-ext-homology,
	author={Samuel Eilenberg and Saunders MacLane},
	year={1942},
	title={Group Extensions and Homology},
	journal={Annals of Mathematics},
	volume={43},
	number={4},
	pages={757--931},
	doi={10.2307/1968966}
}

@article{leray-1946a,
	author={Jean Leray},
	year={1946},
	title={L'anneau d'homologie d'une représentation},
	journal={Comptes rendus hebdomadaires des séances de l’Académie des Sciences},
	volume={222},
	pages={1366--1368},
}

@article{leray-1946b,
	author={Jean Leray},
	year={1946},
	title={Structure de l'anneau d'homologie d'une représentation},
	journal={Comptes rendus hebdomadaires des séances de l’Académie des Sciences},
	volume={222},
	pages={1419--1422},
}

@article{leray-1950,
	author={Jean Leray},
	year={1950},
	title={L'anneau spectral et l'anneau filtré d'homologie d'un espace localement compact et d'une application continue},
	journal={Journal de Mathématiques Pures et Appliquées},
	volume={29},
	pages={1--139},
}

@article{koszul-1947a,
	author={Jean-Louis Koszul},
	year={1947},
	title={Sur les opérateurs de dérivation dans un anneau},
	journal={Comptes rendus hebdomadaires des séances de l’Académie des Sciences},
	volume={224},
	pages={217--219}
}

@article{koszul-1947b,
	author={Jean-Louis Koszul},
	year={1947},
	title={Sur l’homologie des espaces homogènes},
	journal={Comptes rendus hebdomadaires des séances de l’Académie des Sciences},
	volume={224},
	pages={477--479}
}

@article{grothendieck-1957-tohoku,
	author={Alexander Grothendieck},
	year={1957},
	title={Sur quelques points d’algèbre homologique},
	journal={Tohoku Mathematical Journal},
	volume={9},
	pages={119-221}
}

@article{liu-vitoria-yang-2014,
	title={Gluing Silting Objects},
	volume={216},
	doi={10.1215/00277630-2847151},
	journal={Nagoya Mathematical Journal},
	publisher={Cambridge University Press},
	author={Liu, Qunhua and Vitória, Jorge and Yang, Dong},
	year={2014},
	pages={117–151}
}

@article{SCHWEDE2003103,
  title = {Stable model categories are categories of modules},
  journal = {Topology},
  volume = {42},
  number = {1},
  pages = {103-153},
  year = {2003},
  doi = {10.1016/S0040-9383(02)00006-X},
  author = {Stefan Schwede and Brooke Shipley},
}

@article{psaroudakis-vitoria-realisations-functors-2017,
	author={Chrysostomos Psaroudakis and Jorge Vitória},
	year={2017},
	title={Realisation functors in tilting theory},
	journal={Mathematische Zeitschrift},
	volume={288},
	pages={965--1028},
	doi={10.1007/s00209-017-1923-y}
}

@article{rnz194,
	author={Tobias Dyckerhoff and Gustavo Jasso and Tashi Walde},
	year={2019},
	title={Generalised BGP Reflection Functors via the Grothendieck Construction},
	journal={International Mathematics Research Notices},
	volume={2021},
	number={20},
	pages={15733-15745},
	doi={10.1093/imrn/rnz194}
}

@article{kv88,
	author={Bernhard Keller and Dieter Vossieck},
	year={1988},
	title={Aisles in derived categories},
	volume={40},
	pages={239--253},
	journal={Bulletin of the Belgian Mathematical Society}
}

@article{hkm02,
	author={Mitsuo Hoshino and Yoshiaki Kato and Jun-ichi Miyachi},
	year={2002},
	title={On \(t\)-structures and torsion theories induced by compact objects},
	journal={Journal of Pure and Applied Algebra},
	volume={167},
	number={1},
	pages={15--35},
	doi={10.1016/S0022-4049(01)00012-3}
}

@article{ahmv20,
	author={Lidia Angeleri Hügel and Frederik Marks and Jorge Vitória},
	year={2020},
	title={Partial silting objects and smashing subcategories},
	journal={Mathematische Zeitschrift},
	volume={296},
	pages={887--900},
	doi={10.1007/s00209-019-02450-2}
}

@inproceedings{kra07,
	author={Henning Krause},
	title={Derived categories, resolutions, and Brown representability},
	year={2007},
	booktitle={Interactions between homotopy theory and algebra},
	volume={436},
	series={Contemporary Mathematics},
	publisher={American Mathematical Society},
	doi={10.1090/conm/436/08405}
}

@article{ai12,
	author={Takuma Aihara and Osamu Iyama},
	year={2012},
	title={Silting mutation in triangulated categories},
	journal={Journal of the London Mathematical Society},
	volume={85},
	pages={633--668},
	doi={10.1112/jlms/jdr055}
}

@misc{shah2022recollements,
  title={Recollements and stratification}, 
  author={Jay Shah},
  year={2022},
  eprint={2110.06567},
  archivePrefix={arXiv},
  primaryClass={math.AT},
  note={Preprint.}
}

@incollection{verdier-1967-1996,
	author={Jean-Louis Verdier},
	year={1996},
	title={Des Catégories Dérivées des Catégories Abéliennes},
	booktitle={Astérisque},
	publisher={Soc. Math. France},
	number={239}
}

@incollection{WEIBEL1999797,
  title = {History of Homological Algebra},
  editor = {I.M. James},
  booktitle = {History of Topology},
  publisher = {North-Holland},
  address = {Amsterdam},
  pages = {797-836},
  year = {1999},
  isbn = {978-0-444-82375-5},
  doi = {10.1016/B978-044482375-5/50029-8},
  author = {Charles A. Weibel}
}

@incollection{faisceaux-pervers,
	author={A. A. Beilinson and J. Bernstein and P. Deligne and O. Gabber},
	title = {Faisceaux pervers},
	booktitle={Astérisque},
	year={2018 (orig.\ 1982)},
	number={100},
	publisher={Soc. Math. France},
	shorthand={BBDG18}
}

@unpublished{frerick2010exact,
  title={Exact categories in functional analysis},
  author={Leonhard Frerick and Dennis Sieg},
  journal={Preprint},
  year={2010},
  note={Available at \url{https://www.math.uni-trier.de//abteilung/analysis/HomAlg.pdf}}
}

@book{jasso-dg-categories-notes,
	title={DG Categories},
	author={Gustavo Jasso},
	year={2021},
	publisher={Unpublished work in progress},
	note={Lecture notes for a course taught summer 2021 at the University of Bonn.}
}

@MISC {4064236,
  TITLE = {Universal Property of the functor $q:\mathbf{TOP}\rightarrow \mathbf{HO(TOP)}$},
  AUTHOR = {Maxime Ramzi (https://math.stackexchange.com/users/408637/maxime-ramzi)},
  HOWPUBLISHED = {Mathematics Stack Exchange},
  NOTE = {(version: 2021-03-16)},
  URL = {https://math.stackexchange.com/q/4064236},
  shorthand={Ram21}
}

@MISC {365275,
  TITLE = {Does localization at quasi-isomorphisms imply homotopy invariance?},
  AUTHOR = {Grisha Papayanov (https://mathoverflow.net/users/43309/grisha-papayanov)},
  HOWPUBLISHED = {MathOverflow},
  NOTE = {(version: 2020-07-10)},
  URL = {https://mathoverflow.net/q/365275},
  shorthand={Pap20}
}

@misc{179280,
  title = {t-structures and higher categories?},
  author = {Hiro Lee Tanaka (https://mathoverflow.net/users/3593/hiro-lee-tanaka)},
  howpublished = {MathOverflow},
  note = {(version: 2014-08-24)},
  url = {https://mathoverflow.net/q/179280},
  shorthand={Tan14}
}

@MISC {426439,
  title = {Can we define derived functors in model categories without functorial factorisations?},
  author = {Dmitri Pavlov (https://mathoverflow.net/users/402/dmitri-pavlov)},
  howpublished = {MathOverflow},
  note = {(version: 2022-07-12)},
  url = {https://mathoverflow.net/q/426439},
  shorthand={Pav22}
}


@misc{troedsson2024jointeigendecompositionmatrices,
  title={On joint eigen-decomposition of matrices},
  author={Erik Troedsson and Daniel Falkowski and Carl-Fredrik Lidgren and Herwig Wendt and Marcus Carlsson},
  year={2024},
  eprint={2409.10292},
  archivePrefix={arXiv},
  primaryClass={math.NA}
}

@misc{stevenson2016toursupporttheorytriangulated,
      title={A tour of support theory for triangulated categories through tensor triangular geometry}, 
      author={Greg Stevenson},
      year={2016},
      eprint={1601.03595},
      archivePrefix={arXiv},
      primaryClass={math.CT},
}

@misc{radulescubanu2009cofibrationshomotopytheory,
  title={Cofibrations in Homotopy Theory}, 
  author={Andrei Radulescu-Banu},
  year={2009},
  eprint={math/0610009},
  archivePrefix={arXiv},
  primaryClass={math.AT}
}

@misc{drew2015verdierquotientsstablequasicategories,
  title={Verdier quotients of stable quasi-categories are localizations}, 
  author={Brad Drew},
  year={2015},
  eprint={1511.08287},
  archivePrefix={arXiv},
  rimaryClass={math.CT}
}

@misc{chen2022extensionststructures,
  title={The extensions of t-structures}, 
  author={Xiao-Wu Chen and Zengqiang Lin and Yu Zhou},
  year={2022},
  eprint={2205.10831},
  archivePrefix={arXiv},
  primaryClass={math.RT}
}

@article{Blumberg_Gepner_Tabuada_2013,
   title={A universal characterization of higher algebraic K-theory},
   volume={17},
   ISSN={1465-3060},
   DOI={10.2140/gt.2013.17.733},
   number={2},
   journal={Geometry \& Topology},
   publisher={Mathematical Sciences Publishers},
   author={Andrew J. Blumberg and David Gepner and Gonçalo Tabuada},
   year={2013},
   pages={733–838}
}

@article{lawvere73-metric-spaces,
   title={Metric spaces, generalized logic, and closed categories},
   volume={43},
   journal={Rendiconti del Seminario Matematico e Fisico di Milano},
   author={Bill Lawvere},
   year={1973},
   pages={135–166}
}


@misc{neeman2021metricstriangulatedcategories,
  title={Metrics on triangulated categories}, 
  author={Amnon Neeman},
  year={2021},
  eprint={1901.01453},
  archivePrefix={arXiv},
  primaryClass={math.CT}
}

@misc{neeman2018categoriesmathcaltcmathcal,
  title={The categories ${\mathcal T}^c$ and ${\mathcal T}^b_c$ determine each other}, 
  author={Amnon Neeman},
  year={2018},
  eprint={1806.06471},
  archivePrefix={arXiv},
  primaryClass={math.CT}
}



@misc{clementino2024cauchyconvergencevnormedcategories,
  title={Cauchy convergence in $\mathcal{V}$-normed categories}, 
  author={Maria Manuel Clementino and Dirk Hofmann and Walter Tholen},
  year={2024},
  eprint={2404.09032},
  archivePrefix={arXiv},
  primaryClass={math.CT}
}


@MISC {4984372,
  TITLE = {Adjoint in the 2-cat of categories implies adjoint in the 2-cat of triangulated categories},
  AUTHOR = {Elías Guisado Villalgordo},
  year = {2024},
  note = {(version: 2024-10-15)},
  HOWPUBLISHED = {Mathematics Stack Exchange},
  URL = {https://math.stackexchange.com/q/4984372}
}


@book{arxiv:1501.02503,
  author = {Loregian, Fosco},
  eprint = {07344233},
  eprinttype = {zbl},
  language = {English},
  publisher = {Cambridge: Cambridge University Press},
  title = {(Co)end calculus},
  volume = {468},
  year = {2021}
}
